%YAML 1.1
%TAG !u! tag:unity3d.com,2011:
--- !u!1 &12046602583062720
GameObject:
  m_ObjectHideFlags: 0
  m_CorrespondingSourceObject: {fileID: 0}
  m_PrefabInstance: {fileID: 0}
  m_PrefabAsset: {fileID: 0}
  serializedVersion: 6
  m_Component:
  - component: {fileID: 3342979869306736483}
  m_Layer: 0
  m_Name: Table
  m_TagString: Untagged
  m_Icon: {fileID: 0}
  m_NavMeshLayer: 0
  m_StaticEditorFlags: 0
  m_IsActive: 1
--- !u!4 &3342979869306736483
Transform:
  m_ObjectHideFlags: 0
  m_CorrespondingSourceObject: {fileID: 0}
  m_PrefabInstance: {fileID: 0}
  m_PrefabAsset: {fileID: 0}
  m_GameObject: {fileID: 12046602583062720}
  serializedVersion: 2
  m_LocalRotation: {x: 0, y: 0, z: 0, w: 1}
  m_LocalPosition: {x: 0, y: 0, z: 0}
  m_LocalScale: {x: 1, y: 1, z: 1}
  m_ConstrainProportionsScale: 0
  m_Children:
  - {fileID: 8262204524586181516}
  - {fileID: 5216860890403420491}
  - {fileID: 5603880901336168984}
  - {fileID: 7740939676258593252}
  m_Father: {fileID: 0}
  m_LocalEulerAnglesHint: {x: 0, y: 0, z: 0}
--- !u!1 &7877909754390484396
GameObject:
  m_ObjectHideFlags: 0
  m_CorrespondingSourceObject: {fileID: 0}
  m_PrefabInstance: {fileID: 0}
  m_PrefabAsset: {fileID: 0}
  serializedVersion: 6
  m_Component:
  - component: {fileID: 8262204524586181516}
  - component: {fileID: 2225243526970405210}
  - component: {fileID: 4733241419336754204}
  m_Layer: 0
  m_Name: Sprite
  m_TagString: Environment
  m_Icon: {fileID: 0}
  m_NavMeshLayer: 0
  m_StaticEditorFlags: 0
  m_IsActive: 1
--- !u!4 &8262204524586181516
Transform:
  m_ObjectHideFlags: 0
  m_CorrespondingSourceObject: {fileID: 0}
  m_PrefabInstance: {fileID: 0}
  m_PrefabAsset: {fileID: 0}
  m_GameObject: {fileID: 7877909754390484396}
  serializedVersion: 2
  m_LocalRotation: {x: -0, y: -0, z: -0, w: 1}
  m_LocalPosition: {x: 0, y: 0, z: -0.5}
  m_LocalScale: {x: 32, y: 5, z: 1}
  m_ConstrainProportionsScale: 0
  m_Children: []
  m_Father: {fileID: 3342979869306736483}
  m_LocalEulerAnglesHint: {x: 0, y: 0, z: 0}
--- !u!212 &2225243526970405210
SpriteRenderer:
  m_ObjectHideFlags: 0
  m_CorrespondingSourceObject: {fileID: 0}
  m_PrefabInstance: {fileID: 0}
  m_PrefabAsset: {fileID: 0}
  m_GameObject: {fileID: 7877909754390484396}
  m_Enabled: 1
  m_CastShadows: 0
  m_ReceiveShadows: 0
  m_DynamicOccludee: 1
  m_StaticShadowCaster: 0
  m_MotionVectors: 1
  m_LightProbeUsage: 1
  m_ReflectionProbeUsage: 1
  m_RayTracingMode: 0
  m_RayTraceProcedural: 0
  m_RenderingLayerMask: 1
  m_RendererPriority: 0
  m_Materials:
  - {fileID: 2100000, guid: 90ac2ede32374ef47b7ec8764501165a, type: 2}
  m_StaticBatchInfo:
    firstSubMesh: 0
    subMeshCount: 0
  m_StaticBatchRoot: {fileID: 0}
  m_ProbeAnchor: {fileID: 0}
  m_LightProbeVolumeOverride: {fileID: 0}
  m_ScaleInLightmap: 1
  m_ReceiveGI: 1
  m_PreserveUVs: 0
  m_IgnoreNormalsForChartDetection: 0
  m_ImportantGI: 0
  m_StitchLightmapSeams: 1
  m_SelectedEditorRenderState: 0
  m_MinimumChartSize: 4
  m_AutoUVMaxDistance: 0.5
  m_AutoUVMaxAngle: 89
  m_LightmapParameters: {fileID: 0}
  m_SortingLayerID: 0
  m_SortingLayer: 0
  m_SortingOrder: 0
  m_Sprite: {fileID: 10907, guid: 0000000000000000f000000000000000, type: 0}
  m_Color: {r: 0.34591186, g: 0, b: 0, a: 1}
  m_FlipX: 0
  m_FlipY: 0
  m_DrawMode: 0
  m_Size: {x: 0.16, y: 0.16}
  m_AdaptiveModeThreshold: 0.5
  m_SpriteTileMode: 0
  m_WasSpriteAssigned: 1
  m_MaskInteraction: 0
  m_SpriteSortPoint: 0
--- !u!65 &4733241419336754204
BoxCollider:
  m_ObjectHideFlags: 0
  m_CorrespondingSourceObject: {fileID: 0}
  m_PrefabInstance: {fileID: 0}
  m_PrefabAsset: {fileID: 0}
  m_GameObject: {fileID: 7877909754390484396}
  m_Material: {fileID: 0}
  m_IncludeLayers:
    serializedVersion: 2
    m_Bits: 0
  m_ExcludeLayers:
    serializedVersion: 2
    m_Bits: 0
  m_LayerOverridePriority: 0
  m_IsTrigger: 0
  m_ProvidesContacts: 0
  m_Enabled: 1
  serializedVersion: 3
  m_Size: {x: 0.16, y: 0.16, z: 0.2}
  m_Center: {x: 0, y: 0, z: 0}
--- !u!1001 &4961306034245130601
PrefabInstance:
  m_ObjectHideFlags: 0
  serializedVersion: 2
  m_Modification:
    serializedVersion: 3
    m_TransformParent: {fileID: 3342979869306736483}
    m_Modifications:
    - target: {fileID: 3438302680243515533, guid: b81733c2d71b3cd428f003dad1cb7447, type: 3}
      propertyPath: m_LocalPosition.x
      value: 1.4
      objectReference: {fileID: 0}
    - target: {fileID: 3438302680243515533, guid: b81733c2d71b3cd428f003dad1cb7447, type: 3}
      propertyPath: m_LocalPosition.y
      value: 0.6
      objectReference: {fileID: 0}
    - target: {fileID: 3438302680243515533, guid: b81733c2d71b3cd428f003dad1cb7447, type: 3}
      propertyPath: m_LocalPosition.z
      value: 0
      objectReference: {fileID: 0}
    - target: {fileID: 3438302680243515533, guid: b81733c2d71b3cd428f003dad1cb7447, type: 3}
      propertyPath: m_LocalRotation.w
      value: 1
      objectReference: {fileID: 0}
    - target: {fileID: 3438302680243515533, guid: b81733c2d71b3cd428f003dad1cb7447, type: 3}
      propertyPath: m_LocalRotation.x
      value: -0
      objectReference: {fileID: 0}
    - target: {fileID: 3438302680243515533, guid: b81733c2d71b3cd428f003dad1cb7447, type: 3}
      propertyPath: m_LocalRotation.y
      value: -0
      objectReference: {fileID: 0}
    - target: {fileID: 3438302680243515533, guid: b81733c2d71b3cd428f003dad1cb7447, type: 3}
      propertyPath: m_LocalRotation.z
      value: -0
      objectReference: {fileID: 0}
    - target: {fileID: 3438302680243515533, guid: b81733c2d71b3cd428f003dad1cb7447, type: 3}
      propertyPath: m_LocalEulerAnglesHint.x
      value: 0
      objectReference: {fileID: 0}
    - target: {fileID: 3438302680243515533, guid: b81733c2d71b3cd428f003dad1cb7447, type: 3}
      propertyPath: m_LocalEulerAnglesHint.y
      value: 0
      objectReference: {fileID: 0}
    - target: {fileID: 3438302680243515533, guid: b81733c2d71b3cd428f003dad1cb7447, type: 3}
      propertyPath: m_LocalEulerAnglesHint.z
      value: 0
      objectReference: {fileID: 0}
    - target: {fileID: 7340703988238115796, guid: b81733c2d71b3cd428f003dad1cb7447, type: 3}
      propertyPath: m_Name
      value: Spect R
      objectReference: {fileID: 0}
    m_RemovedComponents: []
    m_RemovedGameObjects: []
    m_AddedGameObjects: []
    m_AddedComponents: []
  m_SourcePrefab: {fileID: 100100000, guid: b81733c2d71b3cd428f003dad1cb7447, type: 3}
--- !u!4 &7740939676258593252 stripped
Transform:
  m_CorrespondingSourceObject: {fileID: 3438302680243515533, guid: b81733c2d71b3cd428f003dad1cb7447, type: 3}
  m_PrefabInstance: {fileID: 4961306034245130601}
  m_PrefabAsset: {fileID: 0}
--- !u!1001 &7094213876837567125
PrefabInstance:
  m_ObjectHideFlags: 0
  serializedVersion: 2
  m_Modification:
    serializedVersion: 3
    m_TransformParent: {fileID: 3342979869306736483}
    m_Modifications:
    - target: {fileID: 3438302680243515533, guid: b81733c2d71b3cd428f003dad1cb7447, type: 3}
      propertyPath: m_LocalPosition.x
      value: 0
      objectReference: {fileID: 0}
    - target: {fileID: 3438302680243515533, guid: b81733c2d71b3cd428f003dad1cb7447, type: 3}
      propertyPath: m_LocalPosition.y
      value: 0.6
      objectReference: {fileID: 0}
    - target: {fileID: 3438302680243515533, guid: b81733c2d71b3cd428f003dad1cb7447, type: 3}
      propertyPath: m_LocalPosition.z
      value: 0
      objectReference: {fileID: 0}
    - target: {fileID: 3438302680243515533, guid: b81733c2d71b3cd428f003dad1cb7447, type: 3}
      propertyPath: m_LocalRotation.w
      value: 1
      objectReference: {fileID: 0}
    - target: {fileID: 3438302680243515533, guid: b81733c2d71b3cd428f003dad1cb7447, type: 3}
      propertyPath: m_LocalRotation.x
      value: -0
      objectReference: {fileID: 0}
    - target: {fileID: 3438302680243515533, guid: b81733c2d71b3cd428f003dad1cb7447, type: 3}
      propertyPath: m_LocalRotation.y
      value: -0
      objectReference: {fileID: 0}
    - target: {fileID: 3438302680243515533, guid: b81733c2d71b3cd428f003dad1cb7447, type: 3}
      propertyPath: m_LocalRotation.z
      value: -0
      objectReference: {fileID: 0}
    - target: {fileID: 3438302680243515533, guid: b81733c2d71b3cd428f003dad1cb7447, type: 3}
      propertyPath: m_LocalEulerAnglesHint.x
      value: 0
      objectReference: {fileID: 0}
    - target: {fileID: 3438302680243515533, guid: b81733c2d71b3cd428f003dad1cb7447, type: 3}
      propertyPath: m_LocalEulerAnglesHint.y
      value: 0
      objectReference: {fileID: 0}
    - target: {fileID: 3438302680243515533, guid: b81733c2d71b3cd428f003dad1cb7447, type: 3}
      propertyPath: m_LocalEulerAnglesHint.z
      value: 0
      objectReference: {fileID: 0}
    - target: {fileID: 7340703988238115796, guid: b81733c2d71b3cd428f003dad1cb7447, type: 3}
      propertyPath: m_Name
      value: Spect C
      objectReference: {fileID: 0}
    m_RemovedComponents: []
    m_RemovedGameObjects: []
    m_AddedGameObjects: []
    m_AddedComponents: []
  m_SourcePrefab: {fileID: 100100000, guid: b81733c2d71b3cd428f003dad1cb7447, type: 3}
--- !u!4 &5603880901336168984 stripped
Transform:
  m_CorrespondingSourceObject: {fileID: 3438302680243515533, guid: b81733c2d71b3cd428f003dad1cb7447, type: 3}
  m_PrefabInstance: {fileID: 7094213876837567125}
  m_PrefabAsset: {fileID: 0}
--- !u!1001 &7480845414404426182
PrefabInstance:
  m_ObjectHideFlags: 0
  serializedVersion: 2
  m_Modification:
    serializedVersion: 3
    m_TransformParent: {fileID: 3342979869306736483}
    m_Modifications:
    - target: {fileID: 3438302680243515533, guid: b81733c2d71b3cd428f003dad1cb7447, type: 3}
      propertyPath: m_LocalPosition.x
      value: -1.4
      objectReference: {fileID: 0}
    - target: {fileID: 3438302680243515533, guid: b81733c2d71b3cd428f003dad1cb7447, type: 3}
      propertyPath: m_LocalPosition.y
      value: 0.6
      objectReference: {fileID: 0}
    - target: {fileID: 3438302680243515533, guid: b81733c2d71b3cd428f003dad1cb7447, type: 3}
      propertyPath: m_LocalPosition.z
      value: 0
      objectReference: {fileID: 0}
    - target: {fileID: 3438302680243515533, guid: b81733c2d71b3cd428f003dad1cb7447, type: 3}
      propertyPath: m_LocalRotation.w
      value: 1
      objectReference: {fileID: 0}
    - target: {fileID: 3438302680243515533, guid: b81733c2d71b3cd428f003dad1cb7447, type: 3}
      propertyPath: m_LocalRotation.x
      value: -0
      objectReference: {fileID: 0}
    - target: {fileID: 3438302680243515533, guid: b81733c2d71b3cd428f003dad1cb7447, type: 3}
      propertyPath: m_LocalRotation.y
      value: -0
      objectReference: {fileID: 0}
    - target: {fileID: 3438302680243515533, guid: b81733c2d71b3cd428f003dad1cb7447, type: 3}
      propertyPath: m_LocalRotation.z
      value: -0
      objectReference: {fileID: 0}
    - target: {fileID: 3438302680243515533, guid: b81733c2d71b3cd428f003dad1cb7447, type: 3}
      propertyPath: m_LocalEulerAnglesHint.x
      value: 0
      objectReference: {fileID: 0}
    - target: {fileID: 3438302680243515533, guid: b81733c2d71b3cd428f003dad1cb7447, type: 3}
      propertyPath: m_LocalEulerAnglesHint.y
      value: 0
      objectReference: {fileID: 0}
    - target: {fileID: 3438302680243515533, guid: b81733c2d71b3cd428f003dad1cb7447, type: 3}
      propertyPath: m_LocalEulerAnglesHint.z
      value: 0
      objectReference: {fileID: 0}
    - target: {fileID: 7340703988238115796, guid: b81733c2d71b3cd428f003dad1cb7447, type: 3}
      propertyPath: m_Name
      value: Spect L
      objectReference: {fileID: 0}
    m_RemovedComponents: []
    m_RemovedGameObjects: []
    m_AddedGameObjects: []
    m_AddedComponents: []
  m_SourcePrefab: {fileID: 100100000, guid: b81733c2d71b3cd428f003dad1cb7447, type: 3}
--- !u!4 &5216860890403420491 stripped
Transform:
  m_CorrespondingSourceObject: {fileID: 3438302680243515533, guid: b81733c2d71b3cd428f003dad1cb7447, type: 3}
  m_PrefabInstance: {fileID: 7480845414404426182}
  m_PrefabAsset: {fileID: 0}
